@misc{thesis,
    author = {Adam Laža},
	title = {Process isolation in PyWPS framework},
	url = {https://dspace.cvut.cz/handle/10467/73987},
}

@misc{WPS_standart_1.0,
    author = {Open Geospatial Consortium},
	title = {IOGC® WPS 1.0 Interface Standard Corrigendum 1},
	url = {http://www.opengeospatial.org/pressroom/newsletters/200410},
}

@misc{WPS_standart_2.0,
    author = {Open Geospatial Consortium},
	title = {IOGC® WPS 2.0 Interface Standard Corrigendum 1},
	url = {https://portal.opengeospatial.org/files/?artifact_id=13149&version=1&format=doc},
}

@misc{Docker_docs,
    author = {Docker developers},
	title = {Docker documentation},
	url = {https://docs.docker.com/},
}

